<record><leader>00000cas a2200000 a 4500</leader><controlfield tag="001">36369627</controlfield><controlfield tag="008">970211d192u1941oruwr ne      0    0eng c</controlfield><datafield ind1=" " ind2=" " tag="010"><subfield code="a">sn 96088330 </subfield></datafield><datafield ind1=" " ind2=" " tag="040"><subfield code="a">OCN</subfield><subfield code="b">eng</subfield><subfield code="c">OCN</subfield><subfield code="d">DLC</subfield><subfield code="d">OCLCQ</subfield><subfield code="d">OCLCF</subfield><subfield code="d">OCLCO</subfield></datafield><datafield ind1="1" ind2=" " tag="029"><subfield code="a">AU@</subfield><subfield code="b">000013135672</subfield></datafield><datafield ind1=" " ind2=" " tag="042"><subfield code="a">pcc</subfield></datafield><datafield ind1=" " ind2=" " tag="043"><subfield code="a">n-us-or</subfield></datafield><datafield ind1="0" ind2="4" tag="245"><subfield code="a">The Beaverton review.</subfield></datafield><datafield ind1=" " ind2=" " tag="260"><subfield code="a">Beaverton, Washington County, Or. :</subfield><subfield code="b">J.H. Hulett,</subfield><subfield code="c">-1941.</subfield></datafield><datafield ind1=" " ind2=" " tag="300"><subfield code="a">v.</subfield></datafield><datafield ind1=" " ind2=" " tag="310"><subfield code="a">Weekly</subfield></datafield><datafield ind1="0" ind2=" " tag="362"><subfield code="a">-v. 19, no. 20 (Apr. 18, 1941).</subfield></datafield><datafield ind1=" " ind2=" " tag="500"><subfield code="a">1925-1926 includes newspaper published during school terms by Beaverton High School.</subfield></datafield><datafield ind1=" " ind2=" " tag="580"><subfield code="a">Beginning with &lt;Jan. 21, 1926&gt; issue, the Banks herald resumes independent publication.</subfield></datafield><datafield ind1=" " ind2=" " tag="588"><subfield code="a">Description based on: Vol. 2, no. 4 (Dec. 28, 1923).</subfield></datafield><datafield ind1=" " ind2="0" tag="651"><subfield code="a">Beaverton (Or.)</subfield><subfield code="v">Newspapers.</subfield></datafield><datafield ind1=" " ind2="0" tag="651"><subfield code="a">Banks (Or.)</subfield><subfield code="v">Newspapers.</subfield></datafield><datafield ind1=" " ind2="7" tag="655"><subfield code="a">Newspapers.</subfield><subfield code="2">fast</subfield><subfield code="0">(OCoLC)fst01423814</subfield></datafield><datafield ind1=" " ind2="7" tag="651"><subfield code="a">Oregon</subfield><subfield code="z">Banks.</subfield><subfield code="2">fast</subfield><subfield code="0">(OCoLC)fst01279501</subfield></datafield><datafield ind1=" " ind2="7" tag="651"><subfield code="a">Oregon</subfield><subfield code="z">Beaverton.</subfield><subfield code="2">fast</subfield><subfield code="0">(OCoLC)fst01221355</subfield></datafield><datafield ind1="0" ind2="2" tag="740"><subfield code="a">Beaverton hummer.</subfield></datafield><datafield ind1=" " ind2=" " tag="752"><subfield code="a">United States</subfield><subfield code="b">Oregon</subfield><subfield code="c">Washington</subfield><subfield code="d">Beaverton.</subfield></datafield><datafield ind1="0" ind2="5" tag="780"><subfield code="t">Banks herald (Banks, Or. : 1910)</subfield><subfield code="w">(DLC)sn 96088300</subfield></datafield><datafield ind1="1" ind2="1" tag="785"><subfield code="t">Banks herald (Banks, Or. : 1926)</subfield><subfield code="w">(DLC)sn 96088325</subfield></datafield></record>